@article{Sork:2013tb,
author = {Sork, V L and Dyer, R J and Eckert, A J},
title = {{Putting the landscape into the genomics of trees: approaches for
understanding local adaptation and population responses to changing climate}},
journal = {Tree Genetics {\&} Genomes},
year = {2013}
}

@incollection{Walsh:2008,
editor = {Balding, David J and Bishop, Martin and Cannings, Chris},
booktitle = {{Handbook of Statistical Genetics}},
publisher = {John Wiley {\&} Sons},
year = {2008},
month = jun,
title={Evolutionary Quantitative Genetics},
author={Walsh, B},
volume={2},
edition={Third}
}

%% Created using Papers on Fri, 06 Feb 2015.
%% http://papersapp.com/papers/

@article{Savolainen:2013dfa,
author = {Savolainen, Outi and Lascoux, Martin and Meril{\"a}, Juha},
title = {{Ecological genomics of local adaptation.}},
journal = {Nature Reviews Genetics},
year = {2013},
volume = {14},
number = {11},
pages = {807--820},
month = nov
}

@article{Yu:2006ij,
author = {Yu, Jianming and Pressoir, Gael and Briggs, William H and Bi, Irie
Vroh and Yamasaki, Masanori and Doebley, John F and McMullen, Michael D and
Gaut, Brandon S and Nielsen, Dahlia M and Holland, James B and Kresovich,
Stephen and Buckler, Edward S},
title = {{A unified mixed-model method for association mapping that accounts
for multiple levels of relatedness.}},
journal = {Nature Genetics},
year = {2006},
volume = {38},
number = {2},
pages = {203--208},
month = feb
}

@article{Eckert:2010hd,
author = {Eckert, Andrew J and van Heerwaarden, Joost and WEGRZYN, JILL L and
Nelson, C Dana and Ross-Ibarra, Jeffrey and GONZ{\'A}LEZ-MART{\'I}NEZ, SANTIAGO
C and Neale, David B},
title = {{Patterns of population structure and environmental associations to
aridity across the range of loblolly pine (Pinus taeda L., Pinaceae).}},
journal = {Genetics},
year = {2010},
volume = {185},
number = {3},
pages = {969--982},
month = jul
}

@article{PARCHMAN:2012ca,
author = {Parchman, Thomas L and Gompert, Zachariah and Mudge, Joann and
Schilkey, Faye D and Benkman, Craig W and Buerkle, C Alex},
title = {{Genome-wide association genetics of an adaptive trait in lodgepole
pine.}},
journal = {Molecular Ecology},
year = {2012},
volume = {21},
number = {12},
pages = {2991--3005},
month = jun
}

@article{Schoville:2012jo,
author = {Schoville, Sean D and Bonin, Aur{\'e}lie and Fran{\c c}ois, Olivier
and Lobreaux, St{\'e}phane and Melodelima, Christelle and Manel, St{\'e}phanie},
title = {{Adaptive Genetic Variation on the Landscape: Methods and Cases}},
journal = {Annual Review of Ecology, Evolution, and Systematics},
year = {2012},
volume = {43},
number = {1},
pages = {23--43},
month = dec
}

@article{Berg:2014bs,
author = {Berg, Jeremy J and Coop, Graham},
title = {{A population genetic signal of polygenic adaptation.}},
journal = {PLoS Genetics},
year = {2014},
volume = {10},
number = {8},
pages = {e1004412--e1004412},
month = aug
}

@article{Uchiyama:2013ci,
author = {Uchiyama, Kentaro and Iwata, Hiroyoshi and Moriguchi, Yoshinari and
Ujino-Ihara, Tokuko and Ueno, Saneyoshi and Taguchi, Yuriko and Tsubomura,
Miyoko and Mishima, Kentaro and Iki, Taiichi and Watanabe, Atsushi and
Futamura, Norihiro and Shinohara, Kenji and Tsumura, Yoshihiko},
title = {{Demonstration of Genome-Wide Association Studies for Identifying
Markers for Wood Property and Male Strobili Traits in Cryptomeria japonica}},
journal = {PLoS ONE},
year = {2013},
volume = {8},
number = {11},
pages = {e79866--12},
month = nov
}

@article{Hirschhorn:2005cka,
author = {Hirschhorn, Joel N and Daly, Mark J},
title = {{Genome-wide association studies for common diseases and complex
traits.}},
journal = {Nature Reviews Genetics},
year = {2005},
volume = {6},
number = {2},
pages = {95--108},
month = feb
}

@BOOK{StroupFreund200203, 
title={SAS for Linear Models, Fourth Edition},
author={Ramon Littell},
publisher={SAS Publishing},
year={2002},
month={3},
edition={4th},
isbn={9781590470237},
totalpages={496},
}

@article{Price:2006cd,
author = {Price, Alkes L and Patterson, Nick J and Plenge, Robert M and
Weinblatt, Michael E and Shadick, Nancy A and Reich, David},
title = {{Principal components analysis corrects for stratification in
genome-wide association studies}},
journal = {Nature Genetics},
year = {2006},
volume = {38},
number = {8},
pages = {904--909},
month = jul
}

@article{Patterson:2006ki,
author = {Patterson, Nick and Price, Alkes L and Reich, David},
title = {{Population Structure and Eigenanalysis}},
journal = {PLoS Genetics},
year = {2006},
volume = {2},
number = {12},
pages = {e190}
}

@article{Kawecki:2004hxa,
author = {Kawecki, T J and Ebert, D},
title = {{Conceptual issues in local adaptation}},
journal = {Ecology Letters},
year = {2004}
}

@article{Anderson:2012cb,
author = {Anderson, Jill T and Lee, Cheng-Ruei and Rushworth, Catherine A and
Colautti, Robert I and Mitchell-Olds, Thomas},
title = {{Genetic trade-offs and conditional neutrality contribute to local
adaptation.}},
journal = {Molecular Ecology},
year = {2013},
volume = {22},
number = {3},
pages = {699--708},
month = feb
}

@article{Gunther:2013ik,
author = {G{\"u}nther, T and Coop, G},
title = {{Robust identification of local adaptation from allele frequencies}},
journal = {Genetics},
year = {2013}
}

@article{COOP:2010ke,
author = {Coop, Graham and Witonsky, David and Di Rienzo, Anna and Pritchard,
Jonathan K},
title = {{Using environmental correlations to identify loci underlying local
adaptation.}},
journal = {Genetics},
year = {2010},
volume = {185},
number = {4},
pages = {1411--1423},
month = aug
}

@article{Cheverud:2015tc,
author = {Cheverud, James M},
title = {{Genetic Architecture of Quantitative Variation 
}},
year = {2015},
pages = {288--309},
month = jan
}

@article{Kass:1995vb,
author = {Kass, R E and Raftery, A E},
title = {{Bayes factors}},
journal = {Journal of the american statistical {\ldots}},
year = {1995}
}

@article{MitchellOlds:2007di,
author = {Mitchell-Olds, Thomas and Willis, John H and Goldstein, David B},
title = {{Which evolutionary processes influence natural genetic variation for
phenotypic traits?}},
journal = {Nature Reviews Genetics},
year = {2007},
volume = {8},
number = {11},
pages = {845--856},
month = nov
}

@article{Eckert:2009hha,
author = {Eckert, Andrew J and BOWER, ANDREW D and Wegrzyn, Jill L and PANDE,
BARNALY and Jermstad, Kathleen D and Krutovsky, Konstantin V and Clair, J
Bradley St and Neale, David B},
title = {{Association genetics of coastal Douglas fir (Pseudotsuga menziesii
var. menziesii, Pinaceae). I. Cold-hardiness related traits.}},
journal = {Genetics},
year = {2009},
volume = {182},
number = {4},
pages = {1289--1302},
month = jul
}

@article{Storey:2003wo,
author = {Storey, John D and Tibshirani, Robert},
title = {{Statistical significance for genomewide studies.}},
journal = {Proceedings of the National Academy of Sciences},
year = {2003},
volume = {100},
number = {16},
pages = {9440--9445},
month = aug
}

@article{BENJAMINI:1995ws,
author = {Benjamini, Y and Hochberg, Y},
title = {{Controlling the False Discovery Rate - a Practical and Powerful
Approach to Multiple Testing}},
journal = {Journal of the Royal Statistical Society Series B-Methodological},
year = {1995},
volume = {57},
number = {1},
pages = {289--300}
}

@article{Patterson:2006ki,
author = {Patterson, Nick and Price, Alkes L and Reich, David},
title = {{Population Structure and Eigenanalysis}},
journal = {PLoS Genetics},
year = {2006},
volume = {2},
number = {12},
pages = {e190}
}





























