@article{Sork:2013tb,
author = {Sork, V L and Dyer, R J and Eckert, A J},
title = {{Putting the landscape into the genomics of trees: approaches for understanding local adaptation and population responses to changing climate}},
journal = {Tree Genetics {\&} Genomes},
year = {2013}
}

@incollection{Walsh:2008,
editor = {Balding, David J and Bishop, Martin and Cannings, Chris},
booktitle = {{Handbook of Statistical Genetics}},
publisher = {John Wiley {\&} Sons},
year = {2008},
month = jun,
title={Evolutionary Quantitative Genetics},
author={Walsh, B},
volume={2},
edition={Third}
}

%% Created using Papers on Fri, 06 Feb 2015.
%% http://papersapp.com/papers/

@article{Savolainen:2013dfa,
author = {Savolainen, Outi and Lascoux, Martin and Meril{\"a}, Juha},
title = {{Ecological genomics of local adaptation.}},
journal = {Nature Reviews Genetics},
year = {2013},
volume = {14},
number = {11},
pages = {807--820},
month = nov
}

@article{Yu:2006ij,
author = {Yu, Jianming and Pressoir, Gael and Briggs, William H and Bi, Irie Vroh and Yamasaki, Masanori and Doebley, John F and McMullen, Michael D and Gaut, Brandon S and Nielsen, Dahlia M and Holland, James B and Kresovich, Stephen and Buckler, Edward S},
title = {{A unified mixed-model method for association mapping that accounts for multiple levels of relatedness.}},
journal = {Nature Genetics},
year = {2006},
volume = {38},
number = {2},
pages = {203--208},
month = feb
}

@article{Eckert:2010hd,
author = {Eckert, Andrew J and van Heerwaarden, Joost and WEGRZYN, JILL L and Nelson, C Dana and Ross-Ibarra, Jeffrey and GONZ{\'A}LEZ-MART{\'I}NEZ, SANTIAGO C and Neale, David B},
title = {{Patterns of population structure and environmental associations to aridity across the range of loblolly pine (Pinus taeda L., Pinaceae).}},
journal = {Genetics},
year = {2010},
volume = {185},
number = {3},
pages = {969--982},
month = jul
}

@article{PARCHMAN:2012ca,
author = {PARCHMAN, THOMAS L and GOMPERT, ZACHARIAH and MUDGE, JOANN and SCHILKEY, FAYE D and BENKMAN, CRAIG W and BUERKLE, C ALEX},
title = {{Genome-wide association genetics of an adaptive trait in lodgepole pine.}},
journal = {Molecular Ecology},
year = {2012},
volume = {21},
number = {12},
pages = {2991--3005},
month = jun
}

@article{Schoville:2012jo,
author = {Schoville, Sean D and Bonin, Aur{\'e}lie and Fran{\c c}ois, Olivier and Lobreaux, St{\'e}phane and Melodelima, Christelle and Manel, St{\'e}phanie},
title = {{Adaptive Genetic Variation on the Landscape: Methods and Cases}},
journal = {Annual Review of Ecology, Evolution, and Systematics},
year = {2012},
volume = {43},
number = {1},
pages = {23--43},
month = dec
}





